@inproceedings{keshava2006simpler,
  title={A simpler, intuitive approach to morpheme induction},
  author={Keshava, Samarth and Pitler, Emily},
  booktitle={Proceedings of 2nd Pascal Challenges Workshop},
  pages={31--35},
  year={2006}
}