@article{harris1954distributional,
  title={Distributional structure},
  author={Harris, Zellig S},
  journal={Word},
  volume={10},
  number={2-3},
  pages={146--162},
  year={1954},
  publisher={Taylor \& Francis}
}
@inproceedings{le2008hybrid,
	title={A Hybrid Approach to Word Segmentation of Vietnamese Texts},
	author={L{\^e} Hồng Phương, Nguyễn Thị Minh and Huyền, Azim Roussanaly and Vinh, Hồ Tường},
	booktitle={Proceedings of the 2nd International Conference on Language and Automata Theory and Applications},
	year={2008}
}
@inproceedings{le2010empirical,
	title={An empirical study of maximum entropy approach for part-of-speech tagging of Vietnamese texts},
	author={Le-Hong, Phuong and Roussanaly, Azim and Nguyen, Thi Minh Huyen and Rossignol, Mathias},
	booktitle={Traitement Automatique des Langues Naturelles-TALN 2010},
	pages={12},
	year={2010}
}