@book{tesniere1959elements,
  title={El{\'e}ments de syntaxe structurale},
  author={Tesni{\`e}re, Lucien},
  year={1959},
  publisher={Librairie C. Klincksieck}
}
@article{nivre2005dependency,
	title={Dependency grammar and dependency parsing},
	author={Nivre, Joakim},
	journal={MSI report},
	volume={5133},
	number={1959},
	pages={1--32},
	year={2005}
}
@article{zwicky1985heads,
	title={Heads},
	author={Zwicky, Arnold M},
	journal={Journal of linguistics},
	volume={21},
	number={01},
	pages={1--29},
	year={1985},
	publisher={Cambridge Univ Press}
}
@book{mel聞vcuk1988dependency,
	title={Dependency syntax: theory and practice},
	author={Mel聞{\v{c}}uk, Igor聞 Aleksandrovi{\v{c}}},
	year={1988},
	publisher={SUNY press}
}
@inproceedings{covington2001fundamental,
	title={A fundamental algorithm for dependency parsing},
	author={Covington, Michael A},
	booktitle={Proceedings of the 39th annual ACM southeast conference},
	pages={95--102},
	year={2001},
	organization={Citeseer}
}
@inproceedings{nivre2003efficient,
	title={An efficient algorithm for projective dependency parsing},
	author={Nivre, Joakim},
	booktitle={Proceedings of the 8th International Workshop on Parsing Technologies (IWPT},
	year={2003},
	organization={Citeseer}
}
@inproceedings{duchier2001topological,
	title={Topological dependency trees: A constraint-based account of linear precedence},
	author={Duchier, Denys and Debusmann, Ralph},
	booktitle={Proceedings of the 39th Annual Meeting on Association for Computational Linguistics},
	pages={180--187},
	year={2001},
	organization={Association for Computational Linguistics}
}
@article{foth2004broad,
	title={A broad-coverage parser for German based on defeasible constraints},
	author={Foth, Kilian A and Daum, Michael and Menzel, Wolfgang},
	journal={Constraint Solving and Language Processing},
	pages={88},
	year={2004}
}
@inproceedings{mcdonald2005non,
	title={Non-projective dependency parsing using spanning tree algorithms},
	author={McDonald, Ryan and Pereira, Fernando and Ribarov, Kiril and Haji{\v{c}}, Jan},
	booktitle={Proceedings of the conference on Human Language Technology and Empirical Methods in Natural Language Processing},
	pages={523--530},
	year={2005},
	organization={Association for Computational Linguistics}
}
@inproceedings{nivre2006labeled,
	title={Labeled pseudo-projective dependency parsing with support vector machines},
	author={Nivre, Joakim and Hall, Johan and Nilsson, Jens and Eryi認it, G{\"u}l{\c{s}}en and Marinov, Svetoslav},
	booktitle={Proceedings of the Tenth Conference on Computational Natural Language Learning},
	pages={221--225},
	year={2006},
	organization={Association for Computational Linguistics}
}
@inproceedings{mcdonald2006online,
	title={Online Learning of Approximate Dependency Parsing Algorithms.},
	author={McDonald, Ryan T and Pereira, Fernando CN},
	booktitle={EACL},
	pages={81--88},
	year={2006}
}
