@article{ranta2004grammatical,
  title={Grammatical framework},
  author={Ranta, Aarne},
  journal={Journal of Functional Programming},
  volume={14},
  number={2},
  pages={145--189},
  year={2004},
  publisher={Cambridge University Press}
}

@inproceedings{bringert2007rapid,
  title={Rapid development of dialogue systems by grammar compilation},
  author={Bringert, Bj{\"o}rn},
  booktitle={Proceedings of the 8th SIGdial Workshop on Discourse and Dialogue, Antwerp, Belgium},
  pages={223--226},
  year={2007}
}
