@inproceedings{schulz2010robots,
  title={Robots, communication, and language: An overview of the Lingodroid project},
  author={Schulz, Ruth and Glover, Arren and Wyeth, Gordon and Wiles, Janet},
  organization={Citeseer}
  year={2010}
}

@article{blank2006pyro,
  title={The Pyro toolkit for AI and robotics},
  author={Blank, Douglas and Kumar, Deepak and Meeden, Lisa and Yanco, Holly},
  journal={AI magazine},
  volume={27},
  number={1},
  pages={39},
  year={2006}
}

@article{tellex2011understanding,
  title={Understanding natural language commands for robotic navigation and mobile manipulation},
  author={Tellex, Stefanie A and Kollar, Thomas Fleming and Dickerson, Steven R and Walter, Matthew R and Banerjee, Ashis and Teller, Seth and Roy, Nicholas},
  year={2011},
  publisher={AAAI Publications}
}

@article{goodrich2007human,
  title={Human-robot interaction: a survey},
  author={Goodrich, Michael A and Schultz, Alan C},
  journal={Foundations and trends in human-computer interaction},
  volume={1},
  number={3},
  pages={203--275},
  year={2007},
  publisher={Now Publishers Inc.}
}

@inproceedings{dukes2014semeval,
  title={Semeval-2014 task 6: Supervised semantic parsing of robotic spatial commands},
  author={Dukes, Kais},
  booktitle={Proceedings of the 8th International Workshop on Semantic Evaluation (SemEval 2014)},
  pages={45--53},
  year={2014}
}

@inproceedings{scholtz2003theory,
  title={Theory and evaluation of human robot interactions},
  author={Scholtz, Jean},
  booktitle={System Sciences, 2003. Proceedings of the 36th Annual Hawaii International Conference on},
  pages={10--pp},
  year={2003},
  organization={IEEE}
}

@incollection{feil2009human,
  title={Human robothuman--robot interaction (hri) interactioninteraction human robot},
  author={Feil-Seifer, David and Matari{\'c}, Maja J},
  booktitle={Encyclopedia of complexity and systems science},
  pages={4643--4659},
  year={2009},
  publisher={Springer}
}

@article{chungSVZ16,
  author    = {Joon Son Chung and
               Andrew W. Senior and
               Oriol Vinyals and
               Andrew Zisserman},
  title     = {Lip Reading Sentences in the Wild},
  journal   = {CoRR},
  volume    = {abs/1611.05358},
  year      = {2016},
  url       = {http://arxiv.org/abs/1611.05358},
  timestamp = {Wed, 07 Jun 2017 14:40:19 +0200},
  biburl    = {http://dblp.uni-trier.de/rec/bib/journals/corr/ChungSVZ16},
  bibsource = {dblp computer science bibliography, http://dblp.org}
}

@inproceedings{sutskever2014sequence,
  title={Sequence to sequence learning with neural networks},
  author={Sutskever, Ilya and Vinyals, Oriol and Le, Quoc V},
  booktitle={Advances in neural information processing systems},
  pages={3104--3112},
  year={2014}
}

@article{blank2006pyro,
  title={The Pyro toolkit for AI and robotics},
  author={Blank, Douglas and Kumar, Deepak and Meeden, Lisa and Yanco, Holly},
  journal={AI magazine},
  volume={27},
  number={1},
  pages={39},
  year={2006}
}

@article{tellex2011understanding,
  title={Understanding natural language commands for robotic navigation and mobile manipulation},
  author={Tellex, Stefanie A and Kollar, Thomas Fleming and Dickerson, Steven R and Walter, Matthew R and Banerjee, Ashis and Teller, Seth and Roy, Nicholas},
  year={2011},
  publisher={AAAI Publications}
}

@article{goodrich2007human,
  title={Human-robot interaction: a survey},
  author={Goodrich, Michael A and Schultz, Alan C},
  journal={Foundations and trends in human-computer interaction},
  volume={1},
  number={3},
  pages={203--275},
  year={2007},
  publisher={Now Publishers Inc.}
}

@inproceedings{dukes2014semeval,
  title={Semeval-2014 task 6: Supervised semantic parsing of robotic spatial commands},
  author={Dukes, Kais},
  booktitle={Proceedings of the 8th International Workshop on Semantic Evaluation (SemEval 2014)},
  pages={45--53},
  year={2014}
}

@inproceedings{scholtz2003theory,
  title={Theory and evaluation of human robot interactions},
  author={Scholtz, Jean},
  booktitle={System Sciences, 2003. Proceedings of the 36th Annual Hawaii International Conference on},
  pages={10--pp},
  year={2003},
  organization={IEEE}
}

@incollection{feil2009human,
  title={Human robothuman--robot interaction (hri) interactioninteraction human robot},
  author={Feil-Seifer, David and Matari{\'c}, Maja J},
  booktitle={Encyclopedia of complexity and systems science},
  pages={4643--4659},
  year={2009},
  publisher={Springer}
}

@article{chungSVZ16,
  author    = {Joon Son Chung and
               Andrew W. Senior and
               Oriol Vinyals and
               Andrew Zisserman},
  title     = {Lip Reading Sentences in the Wild},
  journal   = {CoRR},
  volume    = {abs/1611.05358},
  year      = {2016},
  url       = {http://arxiv.org/abs/1611.05358},
  timestamp = {Wed, 07 Jun 2017 14:40:19 +0200},
  biburl    = {http://dblp.uni-trier.de/rec/bib/journals/corr/ChungSVZ16},
  bibsource = {dblp computer science bibliography, http://dblp.org}
}

@inproceedings{sutskever2014sequence,
  title={Sequence to sequence learning with neural networks},
  author={Sutskever, Ilya and Vinyals, Oriol and Le, Quoc V},
  booktitle={Advances in neural information processing systems},
  pages={3104--3112},
  year={2014}
}

@article{vinyals2015neural,
  title={A neural conversational model},
  author={Vinyals, Oriol and Le, Quoc},
  journal={arXiv preprint arXiv:1506.05869},
  year={2015}
}

@inproceedings{azaria2016instructable,
  title={Instructable Intelligent Personal Agent.},
  author={Azaria, Amos and Krishnamurthy, Jayant and Mitchell, Tom M},
  booktitle={AAAI},
  pages={2681--2689},
  year={2016}
}

@article{sak2015fast,
  title={Fast and accurate recurrent neural network acoustic models for speech recognition},
  author={Sak, Ha{\c{s}}im and Senior, Andrew and Rao, Kanishka and Beaufays, Fran{\c{c}}oise},
  journal={arXiv preprint arXiv:1507.06947},
  year={2015}
}

@article{van2016wavenet,
  title={Wavenet: A generative model for raw audio},
  author={van den Oord, A{\"a}ron and Dieleman, Sander and Zen, Heiga and Simonyan, Karen and Vinyals, Oriol and Graves, Alex and Kalchbrenner, Nal and Senior, Andrew and Kavukcuoglu, Koray},
  journal={CoRR abs/1609.03499},
  year={2016}
}

@incollection{scholtz2002human,
  title={Human-robot interactions: Creating synergistic cyber forces},
  author={Scholtz, Jean C},
  booktitle={Multi-Robot Systems: From Swarms to Intelligent Automata},
  pages={177--184},
  year={2002},
  publisher={Springer}
}

@inproceedings{vogt2016learning,
  title={Learning human-robot interactions from human-human demonstrations (with applications in Lego rocket assembly)},
  author={Vogt, David and Stepputtis, Simon and Weinhold, Richard and Jung, Bernhard and Amor, Heni Ben},
  booktitle={Humanoid Robots (Humanoids), 2016 IEEE-RAS 16th International Conference on},
  pages={142--143},
  year={2016},
  organization={IEEE}
}

@article{norman1986cognitive,
  title={Cognitive engineering},
  author={Norman, Donald A},
  journal={User centered system design: New perspectives on human-computer interaction},
  volume={3161},
  year={1986},
  publisher={Hillsdale, NJ: Lawrence Erlbaum}
}

@article{mori2012uncanny,
  title={The uncanny valley [from the field]},
  author={Mori, Masahiro and MacDorman, Karl F and Kageki, Norri},
  journal={IEEE Robotics \& Automation Magazine},
  volume={19},
  number={2},
  pages={98--100},
  year={2012},
  publisher={IEEE}
}

