@article{liu2017learning,
  title={Learning Structured Text Representations},
  author={Liu, Yang and Lapata, Mirella},
  journal={arXiv preprint arXiv:1705.09207},
  year={2017}
}
@article{chen2016enhancing,
  title={Enhancing and combining sequential and tree LSTM for natural language inference},
  author={Chen, Qian and Zhu, Xiaodan and Ling, Zhenhua and Wei, Si and Jiang, Hui},
  journal={arXiv preprint arXiv:1609.06038},
  year={2016}
}
@inproceedings{klein2003accurate,
  title={Accurate unlexicalized parsing},
  author={Klein, Dan and Manning, Christopher D},
  booktitle={Proceedings of the 41st Annual Meeting on Association for Computational Linguistics-Volume 1},
  pages={423--430},
  year={2003},
  organization={Association for Computational Linguistics}
}
@article{tai2015improved,
  title={Improved semantic representations from tree-structured long short-term memory networks},
  author={Tai, Kai Sheng and Socher, Richard and Manning, Christopher D},
  journal={arXiv preprint arXiv:1503.00075},
  year={2015}
}
@inproceedings{snli:emnlp2015,
author = {Bowman, Samuel R and Angeli, Gabor and {Potts Christopher} and Manning, Christopher D},
booktitle = {Proceedings of the 2015 Conference on Empirical Methods in Natural Language Processing (EMNLP)},
publisher = {Association for Computational Linguistics},
title = {{A large annotated corpus for learning natural language inference}},
year = {2015}
}
