@inproceedings{klein2003accurate,
  title={Accurate unlexicalized parsing},
  author={Klein, Dan and Manning, Christopher D},
  booktitle={Proceedings of the 41st Annual Meeting on Association for Computational Linguistics-Volume 1},
  pages={423--430},
  year={2003},
  organization={Association for Computational Linguistics}
}
@book{bird2009natural,
	title={Natural language processing with Python: analyzing text with the natural language toolkit},
	author={Bird, Steven and Klein, Ewan and Loper, Edward},
	year={2009},
	publisher={" O'Reilly Media, Inc."}
}