@inproceedings{preotiuc2016modelling,
  title={Modelling Valence and Arousal in Facebook posts},
  author={Preotiuc-Pietro, Daniel and Schwartz, H Andrew and Park, Gregory and Eichstaedt, Johannes C and Kern, Margaret and Ungar, Lyle and Shulman, Elizabeth P},
  booktitle={Proceedings of NAACL-HLT},
  pages={9--15},
  year={2016}
}
@article{stone1966general,
	title={The general inquirer: A computer approach to content analysis.},
	author={Stone, Philip J and Dunphy, Dexter C and Smith, Marshall S},
	year={1966},
	publisher={MIT press}
}
@misc{wiebempqa,
	title={MPQA: Multi-Perspective Question Answering Opinion Corpus Version 1.2, 2006.[cited 2007-1-26]},
	author={Wiebe, JM and Breck, E and Buckley, C and Cardie, C and Davis, P and Fraser, B and Litman, D and Pierce, D and Riloff, E and Wilson, T}
}
@inproceedings{hu2004mining,
	title={Mining and summarizing customer reviews},
	author={Hu, Minqing and Liu, Bing},
	booktitle={Proceedings of the tenth ACM SIGKDD international conference on Knowledge discovery and data mining},
	pages={168--177},
	year={2004},
	organization={ACM}
}
@InProceedings{SCL-NMA,
	title={The Effect of Negators, Modals, and Degree Adverbs on Sentiment Composition},
	author={Kiritchenko, Svetlana and Mohammad, Saif M.},
	booktitle={Proceedings of the Workshop on Computational Approaches to
	Subjectivity, Sentiment and Social Media Analysis (WASSA)},
	year={2016},
}
@inproceedings{mikolov2013distributed,
	title={Distributed representations of words and phrases and their compositionality},
	author={Mikolov, Tomas and Sutskever, Ilya and Chen, Kai and Corrado, Greg S and Dean, Jeff},
	booktitle={Advances in neural information processing systems},
	pages={3111--3119},
	year={2013}
}
@inproceedings{le2014distributed,
	title={Distributed Representations of Sentences and Documents.},
	author={Le, Quoc V and Mikolov, Tomas},
	booktitle={ICML},
	volume={14},
	pages={1188--1196},
	year={2014}
}